[gd_scene load_steps=7 format=2]

[ext_resource path="res://hand/hand_ctsr.tscn" type="PackedScene" id=2]
[ext_resource path="res://hand/scripts/2hands_mirror.gd" type="Script" id=3]
[ext_resource path="res://hand/scripts/2hands.gd" type="Script" id=4]

[sub_resource type="PlaneMesh" id=1]

[sub_resource type="SphereShape" id=2]

[sub_resource type="SphereMesh" id=3]

[node name="root" type="Spatial"]

[node name="spot" type="SpotLight" parent="."]
transform = Transform( 0.702861, -0.574005, 0.420124, 0, 0.59062, 0.80695, -0.711327, -0.567174, 0.415124, 10.7533, 25.355, 16.1384 )
shadow_enabled = true
spot_range = 108.318

[node name="cam" type="Camera" parent="."]
transform = Transform( 0.842302, -0.236631, 0.484286, 0, 0.89848, 0.439014, -0.539006, -0.369783, 0.756792, 11.6455, 15.084, 24.746 )

[node name="floor" type="MeshInstance" parent="."]
transform = Transform( 30, 0, 0, 0, 30, 0, 0, 0, 30, 0, 0, 0 )
mesh = SubResource( 1 )
material/0 = null

[node name="hand" parent="." instance=ExtResource( 2 )]
wave_dir = Vector3( 0, 0.707107, -0.707107 )
wave_offset = -1.171

[node name="hand2" parent="." instance=ExtResource( 2 )]
transform = Transform( 1, 0, 0, 0, 1, 0, 0, 0, 1, -7.90684, 0, 0 )
waving = true
wave_dir = Vector3( 0, 0, 1 )
wave_freq = 5.345
wave_ampl = 0.3

[node name="hand3" parent="." instance=ExtResource( 2 )]
transform = Transform( 1, 0, 0, 0, 1, 0, 0, 0, 1, -7.90684, 0, 5.08582 )
wave_dir = Vector3( 0, 0.707107, -0.707107 )
touch_target = NodePath("../ball")
touching = true
touching_interpol = 30.0
touching_offset = 0.318

[node name="2hands_mirror" type="Spatial" parent="."]
transform = Transform( 1, 0, 0, 0, 1, 0, 0, 0, 1, 0, 0, 8 )
script = ExtResource( 3 )

[node name="hand4" parent="2hands_mirror" instance=ExtResource( 2 )]
transform = Transform( 1, 0, 0, 0, 1, 0, 0, 0, 1, 0.123072, 0, -2.80094 )
wave_dir = Vector3( 1, 0, 0 )
wave_ampl = 0.3

[node name="hand5" parent="2hands_mirror" instance=ExtResource( 2 )]
transform = Transform( -0.965926, 0, 0.258819, 0, 1, 0, -0.258819, 0, -0.965926, -0.216596, 0, 4.40222 )
wave_dir = Vector3( 1, 0, 0 )
wave_ampl = 0.3

[node name="ctrl" type="Position3D" parent="2hands_mirror"]
transform = Transform( 3, 0, 0, 0, 3, 0, 0, 0, 3, 1.1208, 5.15558, 0.567132 )

[node name="001" type="Position3D" parent="2hands_mirror/ctrl"]
transform = Transform( 1, 0, 0, 0, 1, 0, 0, 0, 1, 0.469051, 0.437411, 0.0481024 )

[node name="002" type="Position3D" parent="2hands_mirror/ctrl"]
transform = Transform( 1, 0, 0, 0, 1, 0, 0, 0, 1, 0.330661, 0.982972, 0.0481024 )

[node name="003" type="Position3D" parent="2hands_mirror/ctrl"]
transform = Transform( 1, 0, 0, 0, 1, 0, 0, 0, 1, 0.0188569, 1.21144, 0.0481024 )

[node name="004" type="Position3D" parent="2hands_mirror/ctrl"]
transform = Transform( 1, 0, 0, 0, 1, 0, 0, 0, 1, -0.242462, 0.935591, 0.0481024 )

[node name="005" type="Position3D" parent="2hands_mirror/ctrl"]
transform = Transform( 1, 0, 0, 0, 1, 0, 0, 0, 1, -0.435984, 0.393592, 0.0481024 )

[node name="2hands" type="Spatial" parent="."]
transform = Transform( 1, 0, 0, 0, 1, 0, 0, 0, 1, 6, 0, 8 )
script = ExtResource( 4 )

[node name="hand4" parent="2hands" instance=ExtResource( 2 )]
transform = Transform( 1, 0, 0, 0, 1, 0, 0, 0, 1, 0.123072, 0, -2.80094 )
wave_dir = Vector3( 0, 1, 0 )
wave_ampl = 0.3

[node name="hand5" parent="2hands" instance=ExtResource( 2 )]
transform = Transform( 0.965926, 0, 0.258819, 0, 1, 0, 0.258819, 0, -0.965926, -0.216596, 0, 4.40222 )
wave_dir = Vector3( 1, 0, 0 )
wave_ampl = 0.3

[node name="ctrl" type="Position3D" parent="2hands"]
transform = Transform( 3, 0, 0, 0, 3, 0, 0, 0, 3, -0.91357, 4.46174, 0.0919657 )

[node name="001" type="Position3D" parent="2hands/ctrl"]
transform = Transform( 1, 0, 0, 0, 1, 0, 0, 0, 1, 0.469051, 0.437411, 0.0481024 )

[node name="002" type="Position3D" parent="2hands/ctrl"]
transform = Transform( 1, 0, 0, 0, 1, 0, 0, 0, 1, 0.330661, 0.982972, 0.0481024 )

[node name="003" type="Position3D" parent="2hands/ctrl"]
transform = Transform( 1, 0, 0, 0, 1, 0, 0, 0, 1, 0.0188569, 1.21144, 0.0481024 )

[node name="004" type="Position3D" parent="2hands/ctrl"]
transform = Transform( 1, 0, 0, 0, 1, 0, 0, 0, 1, -0.242462, 0.935591, 0.0481024 )

[node name="005" type="Position3D" parent="2hands/ctrl"]
transform = Transform( 1, 0, 0, 0, 1, 0, 0, 0, 1, -0.435984, 0.393592, 0.0481024 )

[node name="ball" type="RigidBody" parent="."]
transform = Transform( 3, 0, 0, 0, 3, 0, 0, 0, 3, -8.71052, 7.4802, 11.0969 )
mode = 1
sleeping = true

[node name="coll" type="CollisionShape" parent="ball"]
shape = SubResource( 2 )

[node name="sphere" type="MeshInstance" parent="ball"]
mesh = SubResource( 3 )
material/0 = null
